<?xml version="1.0" encoding="UTF-8"?><collection xmlns="http://www.loc.gov/MARC21/slim"><record><leader>00438nam--2200121-i-4500</leader><controlfield tag="001">000013885</controlfield><controlfield tag="002">20161230</controlfield><controlfield tag="005">20161230201030</controlfield><controlfield tag="008">060222s1000------------r-----000-0-eng-d</controlfield><datafield ind1=" " ind2=" " tag="080"><subfield code="a">550.34(061.3)</subfield></datafield><datafield ind1=" " ind2=" " tag="245"><subfield code="a">Comptes rendus des seances de la premiere reun ion de la commission permanente de l`associati on internationale de sismologie. reunie a rome du 16 au 20 oct. 1906</subfield></datafield><datafield ind1=" " ind2=" " tag="260"><subfield code="a">Budapesten,Hornyanszki Viktor, 1906 207 P</subfield></datafield><datafield ind1=" " ind2=" " tag="852"><subfield code="a">47638</subfield></datafield></record></collection>